@article{sample2021,
  title={Sample Article},
  author={Doe, John},
  journal={Journal of Examples},
  volume={1},
  number={1},
  pages={1-2},
  year={2021},
  publisher={Example Publisher}
}

@book{samplebook2022,
  title={Sample Book},
  author={Doe, John},
  year={2022},
  publisher={Example Publisher}
}
